%% LaTeX2e file `giantbomb.bib'
%% generated by the `filecontents' environment
%% from source `10GDD' on 2018/10/26.
%%
 @misc{website:citation1,
  author = "Giant Bomb",
  title = "Hub World",
  url = "www.giantbomb.com/hub-world/3015-1855/"
 }
